<record xmlns="http://www.loc.gov/MARC21/slim" xmlns:xsi="http://www.w3.org/2001/XMLSchema-instance" xsi:schemaLocation="http://www.loc.gov/MARC21/slim http://www.loc.gov/standards/marcxml/schema/MARC21slim.xsd"><leader>00037nz   2200037n  4500</leader><controlfield tag="001">DNB|102390800</controlfield><controlfield tag="003">DNB</controlfield><controlfield tag="005">20080405190810.0</controlfield><controlfield tag="008">930416n||aznnnabbn           | aaa    |c</controlfield><datafield ind1=" " ind2=" " tag="035"><subfield code="a">(DE-101)102390800</subfield></datafield><datafield ind1=" " ind2=" " tag="035"><subfield code="a">(DE-588a)102390800</subfield></datafield><datafield ind1=" " ind2=" " tag="035"><subfield code="a">(DE-588c)4723405-2</subfield></datafield><datafield ind1=" " ind2=" " tag="040"><subfield code="a">DE-12</subfield><subfield code="b">ger</subfield><subfield code="c">DE-101</subfield><subfield code="e">rakwb</subfield><subfield code="d">9999</subfield></datafield><datafield ind1=" " ind2=" " tag="043"><subfield code="c">XS</subfield></datafield><datafield ind1=" " ind2=" " tag="065"><subfield code="2">sswd</subfield><subfield code="a">12.2p</subfield></datafield><datafield ind1=" " ind2=" " tag="079"><subfield code="a">p</subfield><subfield code="q">f</subfield><subfield code="q">p</subfield><subfield code="q">s</subfield><subfield code="t">12-PAN</subfield><subfield code="t">Lokale Kennung: B57 RVK</subfield></datafield><datafield ind1="0" ind2=" " tag="100"><subfield code="a">Diodorus</subfield><subfield code="c">Sardianus</subfield><subfield code="d">fl.1. Jh. v. Chr.</subfield></datafield><datafield ind1="0" ind2=" " tag="400"><subfield code="a">Diodorus</subfield><subfield code="c">Rhetor</subfield><subfield code="d">fl.1. Jh. v. Chr.</subfield></datafield><datafield ind1="0" ind2=" " tag="400"><subfield code="a">Diodorus</subfield><subfield code="c">Iunior</subfield><subfield code="d">fl.1. Jh. v. Chr.</subfield></datafield><datafield ind1="0" ind2=" " tag="400"><subfield code="a">Diodorus</subfield><subfield code="c">Sardensis</subfield><subfield code="d">fl.1. Jh. v. Chr.</subfield></datafield><datafield ind1="0" ind2=" " tag="400"><subfield code="a">Diodoros</subfield><subfield code="c">der Jüngere</subfield><subfield code="d">fl.1. Jh. v. Chr.</subfield></datafield><datafield ind1="0" ind2=" " tag="400"><subfield code="a">Diodoros</subfield><subfield code="c">Rhetor</subfield><subfield code="d">fl.1. Jh. v. Chr.</subfield></datafield><datafield ind1="0" ind2=" " tag="400"><subfield code="a">Diodoros</subfield><subfield code="c">von Sardeis</subfield><subfield code="d">fl.1. Jh. v. Chr.</subfield></datafield><datafield ind1=" " ind2=" " tag="549"><subfield code="w">i</subfield><subfield code="i">Zeit</subfield><subfield code="a">1. Jh. v. Chr.</subfield></datafield><datafield ind1=" " ind2=" " tag="670"><subfield code="a">PND, Pauly 7.</subfield></datafield><datafield ind1=" " ind2=" " tag="678"><subfield code="a">AP 6.243,245; 9.60,219,405,776; Griech. Verfasser v. histor. Schriften u. Epigrammen, verwandt mit Diodorus &lt;Zonas&gt;</subfield></datafield><datafield ind1=" " ind2=" " tag="922"><subfield code="a">gr</subfield><subfield code="9">1</subfield></datafield><datafield ind1=" " ind2=" " tag="996"><subfield code="2">PICA|069906122</subfield></datafield><datafield ind1=" " ind2=" " tag="996"><subfield code="2">PICA|069906130</subfield></datafield><datafield ind1=" " ind2=" " tag="996"><subfield code="2">NKC|jn19981000658</subfield></datafield><datafield ind1=" " ind2=" " tag="996"><subfield code="2">BNF|12506351</subfield></datafield><datafield ind1=" " ind2=" " tag="996"><subfield code="2">LC|n  50028820</subfield></datafield><datafield ind1=" " ind2=" " tag="996"><subfield code="2">PICA|07172740X</subfield></datafield><datafield ind1=" " ind2=" " tag="996"><subfield code="2">BNF|12350979</subfield></datafield><datafield ind1=" " ind2=" " tag="996"><subfield code="2">BAV|ADV10006194</subfield></datafield><datafield ind1=" " ind2=" " tag="996"><subfield code="2">PICA|069906092</subfield></datafield><datafield ind1=" " ind2=" " tag="996"><subfield code="2">PICA|069906173</subfield></datafield><datafield ind1=" " ind2=" " tag="996"><subfield code="2">SELIBR|280906</subfield></datafield><datafield ind1=" " ind2=" " tag="996"><subfield code="2">J9Ulat|000039706</subfield></datafield><datafield ind1=" " ind2=" " tag="996"><subfield code="2">LC|no2006059389</subfield></datafield><datafield ind1=" " ind2=" " tag="996"><subfield code="2">PICA|069906106</subfield></datafield><datafield ind1=" " ind2=" " tag="996"><subfield code="2">PICA|06809499X</subfield></datafield><datafield ind1=" " ind2=" " tag="996"><subfield code="2">J9Ulat|000234127</subfield></datafield><datafield ind1=" " ind2=" " tag="997"><subfield code="a">0 0 lived</subfield><subfield code="9">1</subfield></datafield></record>